@Misc{Katzgraber2010,
  author = 	 {Helmut G. Katzgraber},
  title = 	 {Scientific Software Engineering in a Nutshell},
  howpublished = {http://arxiv.org/abs/0905.1628},
  month = 	 {Jun},
  year = 	 {2010}
}

@Misc{Todorov2012,
  author = 	 {Ilian Todorov},
  title = 	 {Is the work of scientific software engineers recognised in academia?},
  howpublished = {http://www.software.ac.uk/blog/2012-04-23-work-scientific-software-engineers-recognised-academia},
  month = 	 {April},
  year = 	 {2012}
}

@Misc{Dirk2012,
  author = 	 {Dirk},
  title = 	 {The researcher programmer, a new species?},
  howpublished = {http://dirkgorissen.com/2012/03/26/the-researcher-programmer-a-new-species/},
  month = 	 {March},
  year = 	 {2012}
}

@Misc{Hannay2009,
  author = 	 {Jo Erskine Hannay and Carolyn MacLeod and Janice Singer and Hans Petter Langtangen and Dietmar Pfahl and Greg Wilson},
  title = 	 {How Do Scientists Develop and Use ScientiÔ¨Åc Software?},
  howpublished = {http://www.third-bit.com/articles/how-scientists-use-computers-2009.pdf},
  year = 	 {2009}
}

@Article{Smith2007,
  author = 	 {Spencer Smith and Lei Lai and Ridha Khedri},
  title = 	 {Requirements Analysis for Engineering Computation: A Systematic Approach for Improving Reliability},
  journal = 	 {Reliable Computing},
  year = 	 {2007},
  volume = 	 {13},
  number = 	 {1},
  pages = 	 {83--107}
}

@Book{Sommerville2011,
  author = 	 {Ian Sommerville},
  title = 	 {Software Engineering},
  publisher = 	 {Boston-Pearson},
  year = 	 {2011},
  edition = 	 {9th},
  note =         {Available in the KAUST library (print)}
}

@Book{Nanz2011,
  editor = 	 {Sebastian Nanz},
  title = 	 {The Future of Software Engineering},
  publisher = 	 {Springer},
  year = 	 {2011},
  note =         {Available in the KAUST library (electronic)}
}

@Misc{Lin2001,
  key = 	 {Lin},
  author = 	 {Charles Lin},
  title = 	 {Makefile tutorial},
  howpublished = {http://www.cs.umd.edu/class/fall2002/cmsc214/Tutorial/makefile.html},
  year = 	 {2001}
}

@Book{make,
  author = 	 {Andrew Oram and Steve Talbott},
  title = 	 {Managing Projects with {\tt make}},
  publisher = 	 {O'Reilly},
  year = 	 {1993}
}

@Misc{Prentice1998,
  author = 	 {John Prentice},
  title = 	 {Comparison of Fortran and C [pro Fortran]},
  howpublished = {http://www.ibiblio.org/pub/languages/fortran/ch1-2.html},
  year = 	 {1998}
}

